<?xml version="1.0" encoding="UTF-8"?><record xmlns="http://www.loc.gov/MARC21/slim" xmlns:cinclude="http://apache.org/cocoon/include/1.0" xmlns:zs="http://www.loc.gov/zing/srw/">
  <leader>00382nz  a2200121n  4500</leader>
  <controlfield tag="001">n  85230244 </controlfield>
  <controlfield tag="003">DLC</controlfield>
  <controlfield tag="005">19860206160851.2</controlfield>
  <controlfield tag="008">860117n| acannaab|          |n aaa |||  </controlfield>
  <datafield tag="010" ind1=" " ind2=" ">
    <subfield code="a">n  85230244 </subfield>
  </datafield>
  <datafield tag="040" ind1=" " ind2=" ">
    <subfield code="a">DLC</subfield>
    <subfield code="c">DLC</subfield>
    <subfield code="d">DLC</subfield>
  </datafield>
  <datafield tag="100" ind1="1" ind2="0">
    <subfield code="a">Crespin, Irene,</subfield>
    <subfield code="d">1896-</subfield>
  </datafield>
  <datafield tag="670" ind1=" " ind2=" ">
    <subfield code="a">The Crespin volume : essays in honour of Irene Crespin, 1978:</subfield>
    <subfield code="b">fwd. (Australian micropalaeontologist b. Nov. 12, 1896)</subfield>
  </datafield>
</record>